<?xml version="1.0" encoding="UTF-8"?><collection xmlns="http://www.loc.gov/MARC21/slim"><record><leader>00576nam--2200181-u-4500</leader><controlfield tag="001">000054347</controlfield><controlfield tag="002">20161230</controlfield><controlfield tag="005">20161230201051</controlfield><controlfield tag="008">111123s1000------------r-----000-0-eng-d</controlfield><datafield ind1=" " ind2=" " tag="040"><subfield code="a">IFIN-HH</subfield></datafield><datafield ind1=" " ind2=" " tag="080"><subfield code="a">539.12.162.8(047.1)</subfield></datafield><datafield ind1="1" ind2=" " tag="100"><subfield code="a">Frodesen, A.G</subfield></datafield><datafield ind1="1" ind2="0" tag="245"><subfield code="a">Multiplicity dependence of particle spectra</subfield><subfield code="b">A peripheral phase space description with application to 19 gev/c pp-reactions</subfield><subfield code="c">A.g. frodesen, p. nyborg</subfield></datafield><datafield ind1=" " ind2=" " tag="260"><subfield code="a">Oslo</subfield><subfield code="b">Institute Of Physics</subfield><subfield code="c">/F.An</subfield></datafield><datafield ind1=" " ind2=" " tag="300"><subfield code="a">19P.+10FIG</subfield></datafield><datafield ind1="1" ind2=" " tag="700"><subfield code="a">Nyborg, P</subfield></datafield><datafield ind1=" " ind2=" " tag="852"><subfield code="a">39982</subfield><subfield code="c">539.12</subfield></datafield><datafield ind1=" " ind2=" " tag="CAT"><subfield code="a">Sys</subfield><subfield code="c">20111123</subfield><subfield code="h">130529</subfield></datafield></record></collection>